date,room_sold,adr,revenue
1/1/2016,124,147.2,18252
1/2/2016,118,142.6,16827
1/3/2016,128,151.62,19408
1/4/2016,151,145.34,21947
1/5/2016,141,119.21,16809
1/6/2016,135,110.84,14964
1/7/2016,140,119.27,16698
1/8/2016,119,124.89,14862
1/9/2016,145,164.14,23800
1/10/2016,151,173.88,26256
1/11/2016,149,167.21,24915
1/12/2016,146,148.63,21700
1/13/2016,128,128.62,16463
1/14/2016,148,164.24,24307
1/15/2016,127,138.9,17641
1/16/2016,130,221.83,28838
1/17/2016,139,237.65,33033
1/18/2016,142,223.53,31742
1/19/2016,139,182.37,25350
1/20/2016,141,121.01,17062
1/21/2016,132,136.71,18046
1/22/2016,134,120.71,16175
1/23/2016,118,162.13,19131
1/24/2016,133,195.08,25945
1/25/2016,147,192.82,28344
1/26/2016,151,144.2,21774
1/27/2016,140,118.67,16613
1/28/2016,150,121.88,18282
1/29/2016,122,119.28,14552
1/30/2016,136,177.73,24171
1/31/2016,142,201.26,28578
2/1/2016,149,200.44,29866
2/2/2016,142,143.09,20319
2/3/2016,125,119.94,14992
2/4/2016,150,126.62,18993
2/5/2016,107,112.28,12014
2/6/2016,142,178.97,25414
2/7/2016,146,201.24,29381
2/8/2016,151,200.06,30208
2/9/2016,146,177.04,25848
2/10/2016,134,152.91,20490
2/11/2016,147,222.95,32773
2/12/2016,134,164.61,22058
2/13/2016,132,170.73,22537
2/14/2016,136,198.9,27050
2/15/2016,139,202.46,28142
2/16/2016,150,180.27,27040
2/17/2016,140,142.5,19951
2/18/2016,146,141.97,20727
2/19/2016,120,133.3,15997
2/20/2016,136,176.94,24065
2/21/2016,147,202.3,29739
2/22/2016,146,197.17,28787
2/23/2016,150,145.98,21896
2/24/2016,138,89.77,12389
2/25/2016,151,121.34,18323
2/26/2016,125,128.61,16077
2/27/2016,134,161.08,21585
2/28/2016,137,210.91,28895
2/29/2016,140,150.6942857,21136
3/1/2016,146,209.91,30646
3/2/2016,151,171.53,25901
3/3/2016,141,151.41,21349
3/4/2016,148,148.41,21965
3/5/2016,122,151.24,18451
3/6/2016,134,205.58,27547
3/7/2016,141,230.65,32522
3/8/2016,148,230.7,34144
3/9/2016,146,182.03,26576
3/10/2016,149,164.25,24473
3/11/2016,146,188.63,27540
3/12/2016,121,143.16,17323
3/13/2016,144,244.28,35177
3/14/2016,146,276.43,40358
3/15/2016,143,260.65,37273
3/16/2016,147,247.75,36419
3/17/2016,149,219.86,32759
3/18/2016,147,229.54,33743
3/19/2016,134,171.5,22981
3/20/2016,137,250.15,34271
3/21/2016,142,273.25,38801
3/22/2016,149,271.41,40439
3/23/2016,147,225.83,33197
3/24/2016,143,223.47,31957
3/25/2016,146,217.91,31816
3/26/2016,102,168.47,17183
3/27/2016,127,235.91,29961
3/28/2016,128,255.3,32679
3/29/2016,146,266.83,38958
3/30/2016,151,272.29,41116
3/31/2016,147,206.74,30390
4/1/2016,138,208.53,28777
4/2/2016,115,157.64,18128
4/3/2016,140,235.28,32939
4/4/2016,140,276.71,38740
4/5/2016,141,290.63,40979
4/6/2016,151,270.32,40818
4/7/2016,139,224.66,31228
4/8/2016,147,236.25,34729
4/9/2016,145,206.29,29912
4/10/2016,130,276.35,35926
4/11/2016,136,294.8,40092
4/12/2016,140,286.95,40173
4/13/2016,151,295.71,44652
4/14/2016,151,255.81,38627
4/15/2016,150,267.21,40082
4/16/2016,146,196.86,28741
4/17/2016,138,268.81,37095
4/18/2016,137,305.3,41826
4/19/2016,146,302.94,44230
4/20/2016,143,257.9,36880
4/21/2016,147,207.64,30523
4/22/2016,147,230.65,33905
4/23/2016,108,159.39,17214
4/24/2016,136,229.97,31275
4/25/2016,134,273.46,36643
4/26/2016,136,287.32,39075
4/27/2016,147,229.18,33690
4/28/2016,146,200.47,29269
4/29/2016,149,290.73,43319
4/30/2016,129,220.23,28410
5/1/2016,134,293.47,39325
5/2/2016,137,357.56,48986
5/3/2016,146,344.56,50305
5/4/2016,148,293.16,43387
5/5/2016,146,265.86,38815
5/6/2016,148,260.53,38558
5/7/2016,125,202.05,25256
5/8/2016,134,290.65,38947
5/9/2016,146,340.24,49675
5/10/2016,147,345.08,50727
5/11/2016,146,295.81,43188
5/12/2016,146,245.83,35892
5/13/2016,150,273.28,40992
5/14/2016,126,269.41,33946
5/15/2016,151,369,55719
5/16/2016,151,463.88,70046
5/17/2016,151,435.06,65694
5/18/2016,151,325.52,49154
5/19/2016,148,275.43,40764
5/20/2016,148,256.79,38006
5/21/2016,131,203.13,26610
5/22/2016,134,284.13,38073
5/23/2016,137,308.2,42224
5/24/2016,135,276.43,37318
5/25/2016,136,216.54,29449
5/26/2016,149,223.97,33371
5/27/2016,148,241.53,35746
5/28/2016,147,216.18,31779
5/29/2016,122,161.78,19737
5/30/2016,138,230.42,31798
5/31/2016,150,273.52,41028
6/1/2016,149,245.47,36575
6/2/2016,146,230.46,33647
6/3/2016,146,254.83,37205
6/4/2016,117,208.79,24428
6/5/2016,140,330.17,46224
6/6/2016,150,404.44,60666
6/7/2016,146,399.88,58382
6/8/2016,139,264.52,36769
6/9/2016,148,218.83,32387
6/10/2016,148,253.59,37531
6/11/2016,137,197.94,27117
6/12/2016,141,306.36,43197
6/13/2016,141,385.22,54316
6/14/2016,146,371.63,54257
6/15/2016,138,264.01,36434
6/16/2016,151,241.85,36519
6/17/2016,146,227.64,33235
6/18/2016,124,181.65,22525
6/19/2016,135,263.16,35526
6/20/2016,137,324.76,44492
6/21/2016,151,330.64,49927
6/22/2016,148,265.73,39328
6/23/2016,146,260.03,37965
6/24/2016,149,278.08,41434
6/25/2016,146,233.88,34146
6/26/2016,151,272.98,41219
6/27/2016,146,266.98,38980
6/28/2016,134,245.14,32848
6/29/2016,139,195.46,27168
6/30/2016,148,169.82,25133
7/1/2016,147,187.57,27572
7/2/2016,123,155.25,19096
7/3/2016,131,142.28,18639
7/4/2016,121,177.99,21537
7/5/2016,140,199.73,27963
7/6/2016,128,173.19,22169
7/7/2016,114,166.15,18941
7/8/2016,138,177.18,24450
7/9/2016,117,184.09,21539
7/10/2016,142,308.34,43784
7/11/2016,149,333.12,49635
7/12/2016,151,344.01,51946
7/13/2016,147,232.86,34230
7/14/2016,150,224.49,33673
7/15/2016,151,215.01,32467
7/16/2016,135,191.76,25888
7/17/2016,143,299.21,42787
7/18/2016,151,340.98,51487
7/19/2016,149,326.92,48711
7/20/2016,131,244.11,31979
7/21/2016,148,219.91,32546
7/22/2016,149,225.85,33652
7/23/2016,134,192.42,25784
7/24/2016,142,275.28,39089
7/25/2016,146,300.62,43890
7/26/2016,148,279.36,41345
7/27/2016,149,223.74,33337
7/28/2016,143,201.05,28751
7/29/2016,149,216.4,32244
7/30/2016,120,175.25,21030
7/31/2016,146,270.79,39536
8/1/2016,142,293.33,41653
8/2/2016,132,263.06,34725
8/3/2016,137,196.2,26879
8/4/2016,148,185.19,27409
8/5/2016,150,196.78,29517
8/6/2016,127,215.32,27346
8/7/2016,142,244.75,34754
8/8/2016,135,266.96,36040
8/9/2016,138,253.99,35050
8/10/2016,151,217.69,32871
8/11/2016,147,180.79,26576
8/12/2016,149,197.4,29413
8/13/2016,143,176.1,25183
8/14/2016,142,221.26,31419
8/15/2016,146,260.36,38012
8/16/2016,138,253.68,35008
8/17/2016,146,203.27,29677
8/18/2016,146,203.57,29721
8/19/2016,147,214.77,31572
8/20/2016,124,191.31,23723
8/21/2016,140,225.76,31607
8/22/2016,141,254.41,35872
8/23/2016,147,240.85,35404
8/24/2016,132,203.26,26831
8/25/2016,147,215.58,31691
8/26/2016,151,267.9,40452
8/27/2016,131,181.61,23791
8/28/2016,148,223.91,33138
8/29/2016,144,249.51,35929
8/30/2016,151,242.69,36645
8/31/2016,133,218.65,29080
9/1/2016,148,240.42,35582
9/2/2016,150,272.16,40824
9/3/2016,146,222.09,32424
9/4/2016,110,170.09,18710
9/5/2016,127,284.67,36153
9/6/2016,149,349.41,52063
9/7/2016,138,327.39,45180
9/8/2016,128,258.98,33150
9/9/2016,151,260.09,39274
9/10/2016,126,264.31,33304
9/11/2016,132,382.72,50518
9/12/2016,139,421.01,58521
9/13/2016,150,425.25,63788
9/14/2016,150,339.76,50963
9/15/2016,149,280.56,41804
9/16/2016,150,299.99,44998
9/17/2016,127,297.09,37730
9/18/2016,129,439.04,56636
9/19/2016,149,488.43,72776
9/20/2016,151,478,72178
9/21/2016,147,341.71,50231
9/22/2016,146,298.41,43568
9/23/2016,146,303.48,44308
9/24/2016,121,266.94,32300
9/25/2016,143,353.73,50583
9/26/2016,143,387.29,55383
9/27/2016,139,383.73,53338
9/28/2016,151,317.82,47991
9/29/2016,148,247.77,36670
9/30/2016,150,251.33,37699
10/1/2016,132,216.35,28558
10/2/2016,125,281.23,35153
10/3/2016,142,336.86,47834
10/4/2016,146,362.71,52956
10/5/2016,140,323.27,45257
10/6/2016,146,301.32,43993
10/7/2016,151,294.31,44441
10/8/2016,146,260.8,38077
10/9/2016,148,234.69,34734
10/10/2016,139,293.04,40732
10/11/2016,150,316.99,47548
10/12/2016,151,322.59,48712
10/13/2016,146,283.9,41449
10/14/2016,150,271.06,40659
10/15/2016,131,204.61,26804
10/16/2016,139,323.91,45023
10/17/2016,146,392.09,57245
10/18/2016,143,379.83,54316
10/19/2016,148,315.63,46714
10/20/2016,149,281.88,42000
10/21/2016,148,326.69,48350
10/22/2016,143,269.83,38585
10/23/2016,142,363.75,51653
10/24/2016,148,396.99,58755
10/25/2016,151,402.31,60748
10/26/2016,149,320.62,47772
10/27/2016,145,244.86,35505
10/28/2016,151,238.13,35958
10/29/2016,121,196.68,23798
10/30/2016,115,253.79,29186
10/31/2016,139,359.7,49999
11/1/2016,151,363.19,54841
11/2/2016,151,336.46,50805
11/3/2016,146,257.58,37607
11/4/2016,147,319.8,47010
11/5/2016,133,215.18,28618
11/6/2016,121,256.97,31093
11/7/2016,131,325.04,42581
11/8/2016,151,336.61,50828
11/9/2016,146,299.87,43780
11/10/2016,149,288.03,42917
11/11/2016,151,301.25,45489
11/12/2016,136,232.79,31659
11/13/2016,146,354.43,51747
11/14/2016,151,401.78,60669
11/15/2016,151,392.01,59193
11/16/2016,150,320.38,48057
11/17/2016,139,196.79,27354
11/18/2016,148,221.37,32762
11/19/2016,150,152.49,22873
11/20/2016,151,147.16,22221
11/21/2016,132,150.24,19832
11/22/2016,138,198.67,27416
11/23/2016,141,202.86,28603
11/24/2016,139,199.89,27784
11/25/2016,136,187.41,25488
11/26/2016,128,150.61,19278
11/27/2016,119,187.06,22260
11/28/2016,127,294.77,37435
11/29/2016,136,335.04,45565
11/30/2016,138,322.59,44517
12/1/2016,146,285.49,41681
12/2/2016,146,311.71,45510
12/3/2016,137,250.59,34331
12/4/2016,138,438.35,60492
12/5/2016,148,504.08,74605
12/6/2016,148,496.37,73463
12/7/2016,150,372.36,55854
12/8/2016,148,319.29,47254
12/9/2016,150,312.22,46834
12/10/2016,126,219.44,27650
12/11/2016,141,261.69,36898
12/12/2016,137,328.46,44999
12/13/2016,146,319.17,46599
12/14/2016,141,232.38,32766
12/15/2016,146,203.97,29780
12/16/2016,151,219.61,33161
12/17/2016,151,160.58,24248
12/18/2016,142,160.05,22727
12/19/2016,141,158.82,22394
12/20/2016,123,144.49,17772
12/21/2016,124,142.62,17685
12/22/2016,109,143.14,15603
12/23/2016,122,157.24,19183
12/24/2016,136,158.7,21583
12/25/2016,127,214.87,27289
12/26/2016,138,241.36,33308
12/27/2016,148,242.36,35869
12/28/2016,137,219.89,30125
12/29/2016,137,276.06,37820
12/30/2016,143,279.63,39987
12/31/2016,120,178.05,21366
1/1/2017,120,178.05,21366
1/2/2017,110,135.33,14886
1/3/2017,125,146.74,18343
1/4/2017,124,142.3,17645
1/5/2017,114,139.55,15909
1/6/2017,140,106.02,14843
1/7/2017,134,112.19,15033
1/8/2017,88,112.93,9938
1/9/2017,119,153.5,18266
1/10/2017,137,169.15,23174
1/11/2017,151,171.3,25867
1/12/2017,142,157.18,22319
1/13/2017,138,128.04,17669
1/14/2017,150,156.52,23478
1/15/2017,109,132.8,14475
1/16/2017,97,185.5,17994
1/17/2017,128,196.19,25113
1/18/2017,131,191.05,25027
1/19/2017,100,138.71,13871
1/20/2017,125,116.92,14615
1/21/2017,136,117.75,16014
1/22/2017,100,138.68,13868
1/23/2017,147,176.09,25885
1/24/2017,146,185.37,27065
1/25/2017,148,183.1,27098
1/26/2017,147,167.03,24553
1/27/2017,140,117.61,16465
1/28/2017,150,122.46,18369
1/29/2017,95,127.85,12146
1/30/2017,122,138.68,16919
1/31/2017,132,166.93,22035
2/1/2017,139,164.84,22913
2/2/2017,127,139.59,17728
2/3/2017,126,123.46,15556
2/4/2017,141,129.01,18190
2/5/2017,100,141.24,14124
2/6/2017,127,170.82,21694
2/7/2017,150,216.67,32501
2/8/2017,140,200.46,28065
2/9/2017,149,180.29,26864
2/10/2017,141,147.86,20848
2/11/2017,150,160.09,24013
2/12/2017,125,154.55,19319
2/13/2017,125,181.82,22728
2/14/2017,128,198.85,25453
2/15/2017,151,210.9,31846
2/16/2017,128,155.12,19855
2/17/2017,150,141.72,21257
2/18/2017,151,180.87,27312
2/19/2017,127,124.95,15869
2/20/2017,121,164.34,19885
2/21/2017,134,182.82,24498
2/22/2017,133,180.42,23996
2/23/2017,144,150.54,21677
2/24/2017,148,126.74,18757
2/25/2017,151,154.33,23304
2/26/2017,142,145.91,20719
2/27/2017,143,192.87,27581
2/28/2017,131,206.99,27116
3/1/2017,148,213.43,31588
3/2/2017,143,168.87,24149
3/3/2017,142,152.05,21591
3/4/2017,148,163.41,24185
3/5/2017,112,139.26,15597
3/6/2017,141,201.73,28444
3/7/2017,147,228.41,33576
3/8/2017,127,236.02,29974
3/9/2017,129,196.63,25365
3/10/2017,141,174.32,24579
3/11/2017,149,187.95,28005
3/12/2017,121,141.39,17109
3/13/2017,150,221.73,33260
3/14/2017,138,231.91,32003
3/15/2017,117,223.6,26161
3/16/2017,148,193.34,28615
3/17/2017,150,176.62,26493
3/18/2017,149,174.95,26068
3/19/2017,104,151.58,15764
3/20/2017,127,205.71,26125
3/21/2017,151,235.22,35518
3/22/2017,135,230.73,31149
3/23/2017,147,207.75,30540
3/24/2017,149,184.98,27562
3/25/2017,148,202.35,29947
3/26/2017,132,164.78,21751
3/27/2017,139,228,31692
3/28/2017,135,238.55,32205
3/29/2017,144,275.81,39716
3/30/2017,139,215.44,29946
3/31/2017,146,204.65,29878
4/1/2017,146,196.55,28696
4/2/2017,117,146.48,17138
4/3/2017,146,250.07,36510
4/4/2017,142,271.25,38518
4/5/2017,141,279.99,39478
4/6/2017,151,274.78,41492
4/7/2017,149,234.57,34951
4/8/2017,151,243.32,36741
4/9/2017,120,196.77,23612
4/10/2017,136,251.94,34263
4/11/2017,140,281.91,39467
4/12/2017,137,295.37,40466
4/13/2017,150,251.13,37670
4/14/2017,151,237.84,35914
4/15/2017,151,234.18,35361
4/16/2017,118,188.02,22187
4/17/2017,111,233.26,25891
4/18/2017,119,266.63,31728
4/19/2017,132,303.14,40014
4/20/2017,151,299.96,45294
4/21/2017,151,262.11,39578
4/22/2017,149,248.23,36987
4/23/2017,118,213.84,25233
4/24/2017,150,280.15,42023
4/25/2017,138,301.71,41636
4/26/2017,146,296.88,43345
4/27/2017,147,263.99,38807
4/28/2017,149,231.41,34481
4/29/2017,150,244.37,36655
4/30/2017,121,177.44,21470
5/1/2017,132,276.01,36434
5/2/2017,136,323.69,44022
5/3/2017,146,318.99,46572
5/4/2017,145,281.8,40861
5/5/2017,139,239.66,33312
5/6/2017,151,285.33,43085
5/7/2017,124,228.75,28365
5/8/2017,141,303.83,42840
5/9/2017,136,332.35,45199
5/10/2017,146,321.67,46963
5/11/2017,146,248.36,36261
5/12/2017,146,200.37,29254
5/13/2017,146,204.73,29891
5/14/2017,121,176.22,21323
5/15/2017,139,300.07,41709
5/16/2017,150,396.54,59481
5/17/2017,147,389.76,57295
5/18/2017,151,308.46,46578
5/19/2017,146,291.7,42588
5/20/2017,151,278.45,42045
5/21/2017,151,211.84,31988
5/22/2017,146,276.97,40438
5/23/2017,140,310.27,43438
5/24/2017,142,299.91,42587
5/25/2017,149,214.69,31989
5/26/2017,149,213.88,31868
5/27/2017,147,228.53,33593
5/28/2017,151,175.6,26516
5/29/2017,117,152.38,17829
5/30/2017,130,232.49,30224
5/31/2017,137,282.2,38661
6/1/2017,147,255.28,37527
6/2/2017,146,246.88,36045
6/3/2017,151,247.77,37413
6/4/2017,130,200.28,26036
6/5/2017,147,363.29,53404
6/6/2017,151,430.86,65061
6/7/2017,151,431.86,65211
6/8/2017,149,286.84,42739
6/9/2017,148,251.71,37253
6/10/2017,148,234.55,34713
6/11/2017,116,177.72,20615
6/12/2017,141,293,41313
6/13/2017,149,344.03,51260
6/14/2017,151,333.32,50332
6/15/2017,148,223.7,33107
6/16/2017,150,201.75,30263
6/17/2017,151,201.38,30408
6/18/2017,131,188.5,24693
6/19/2017,139,279.28,38820
6/20/2017,136,306.02,41618
6/21/2017,151,327.09,49391
6/22/2017,150,261.93,39290
6/23/2017,151,227.03,34282
6/24/2017,151,269.99,40768
6/25/2017,147,229.32,33710
6/26/2017,151,290.12,43809
6/27/2017,151,298.83,45123
6/28/2017,145,257.21,37295
6/29/2017,147,172.46,25352
6/30/2017,150,167.91,25187
7/1/2017,150,180.65,27097
7/2/2017,146,143.46,20945
7/3/2017,148,140.69,20822
7/4/2017,136,140.46,19102
7/5/2017,129,149.57,19294
7/6/2017,146,162.45,23718
7/7/2017,150,190.51,28576
7/8/2017,146,181,26426
7/9/2017,125,164.91,20613
7/10/2017,138,279.9,38626
7/11/2017,149,337.02,50216
7/12/2017,147,321.13,47206
7/13/2017,149,259.42,38654
7/14/2017,148,217.97,32259
7/15/2017,149,203.87,30376
7/16/2017,139,199.61,27745
7/17/2017,148,312.05,46184
7/18/2017,151,328.58,49615
7/19/2017,148,338.09,50038
7/20/2017,146,216.49,31608
7/21/2017,148,214.16,31695
7/22/2017,151,199.86,30179
7/23/2017,130,183.98,23918
7/24/2017,146,204.51,29858
7/25/2017,147,300.25,44136
7/26/2017,146,304.8,44500
7/27/2017,146,207.83,30343
7/28/2017,150,191.1,28666
7/29/2017,151,203.67,30754
7/30/2017,150,170.57,25585
7/31/2017,146,224.02,32707
8/1/2017,142,258.69,36734
8/2/2017,149,255.01,37996
8/3/2017,150,202.32,30347
8/4/2017,146,205.06,29939
8/5/2017,148,210.06,31088
8/6/2017,151,203.33,30702
8/7/2017,144,254,36575
8/8/2017,143,272.3,38938
8/9/2017,143,266.86,38161
8/10/2017,142,223.82,31783
8/11/2017,146,227.01,33144
8/12/2017,148,219.05,32420
8/13/2017,135,180.52,24370
8/14/2017,148,229.16,33916
8/15/2017,146,250.19,36528
8/16/2017,148,223.45,33070
8/17/2017,146,182.4,26631
8/18/2017,151,164.37,24819
8/19/2017,147,200.14,29420
8/20/2017,142,135.31,19214
8/21/2017,151,211.37,31917
8/22/2017,146,236.18,34482
8/23/2017,140,231.34,32388
8/24/2017,139,187.6,26076
8/25/2017,147,201.96,29688
8/26/2017,150,217.89,32683
8/27/2017,142,172.27,24462
8/28/2017,147,219.1,32208
8/29/2017,147,250.43,36814
8/30/2017,146,227.67,33239
8/31/2017,148,173.83,25727
9/1/2017,145,229.38,33260
9/2/2017,147,253.84,37314
9/3/2017,149,188.61,28103
9/4/2017,146,143.45,20944
9/5/2017,146,258.12,37686
9/6/2017,149,329.48,49093
9/7/2017,151,327.76,49491
9/8/2017,148,273.15,40426
9/9/2017,149,277.87,41402
9/10/2017,146,256.59,37461
9/11/2017,146,381.26,55664
9/12/2017,149,444.82,66278
9/13/2017,146,443.98,64820
9/14/2017,148,305.59,45227
9/15/2017,150,278.96,41844
9/16/2017,151,275.83,41651
9/17/2017,132,265.8,35086
9/18/2017,146,440.75,64350
9/19/2017,146,451.63,65938
9/20/2017,142,406.42,57712
9/21/2017,148,273.6,40492
9/22/2017,146,242.29,35375
9/23/2017,148,262.44,38842
9/24/2017,139,200.37,27851
9/25/2017,147,354.57,52122
9/26/2017,146,413.47,60367
9/27/2017,146,419.8,61291
9/28/2017,150,350.07,52511
9/29/2017,150,222.6,33390
9/30/2017,150,212.99,31949
10/1/2017,124,228.5,28334
10/2/2017,137,323.77,44357
10/3/2017,148,347.11,51373
10/4/2017,149,358.22,53375
10/5/2017,150,343.28,51492
10/6/2017,150,300.58,45088
10/7/2017,151,357.58,53995
10/8/2017,151,256.29,38700
10/9/2017,146,286.7,41859
10/10/2017,147,339.18,49859
10/11/2017,151,363.31,54859
10/12/2017,148,279.27,41332
10/13/2017,147,270.06,39699
10/14/2017,148,296.66,43906
10/15/2017,143,157.99,22593
10/16/2017,147,316.43,46515
10/17/2017,150,395.15,59272
10/18/2017,151,404.75,61117
10/19/2017,151,335.19,50614
10/20/2017,149,297.37,44309
10/21/2017,148,313.74,46434
10/22/2017,151,204.08,30817
10/23/2017,144,341.78,49216
10/24/2017,150,393.17,58975
10/25/2017,151,414.09,62528
10/26/2017,150,345.09,51764
10/27/2017,151,263.78,39830
10/28/2017,151,275.92,41664
10/29/2017,151,172.55,26055
10/30/2017,134,206.88,27722
10/31/2017,139,248.79,34582
11/1/2017,151,352.37,53207
11/2/2017,149,323.68,48228
11/3/2017,147,269.03,39548
11/4/2017,149,318.32,47430
11/5/2017,151,219.36,33124
11/6/2017,151,271.3,40966
11/7/2017,141,360.17,50785
11/8/2017,147,393.88,57901
11/9/2017,146,339.02,49496
11/10/2017,149,312.56,46571
11/11/2017,147,308.97,45418
11/12/2017,147,224.87,33056
11/13/2017,147,356.85,52457
11/14/2017,146,370.31,54065
11/15/2017,146,379.86,55459
11/16/2017,151,282.11,42599
11/17/2017,146,216.74,31644
11/18/2017,147,228.54,33595
11/19/2017,135,129.41,17470
11/20/2017,136,136,18497
11/21/2017,129,133.56,17229
11/22/2017,149,163.75,24399
11/23/2017,146,191.71,27990
11/24/2017,151,188.21,28420
11/25/2017,148,156.53,23167
11/26/2017,131,169.75,22237
11/27/2017,141,212.14,29912
11/28/2017,119,306.42,36465
11/29/2017,136,281.27,38253
11/30/2017,146,297.99,43507
12/1/2017,150,273.31,40997
12/2/2017,151,265.77,40132
12/3/2017,124,255.27,31653
12/4/2017,151,316.81,47838
12/5/2017,151,595.8,89965
12/6/2017,151,562.33,84911
12/7/2017,151,423.53,63952
12/8/2017,148,328.54,48624
12/9/2017,151,337.38,50944
12/10/2017,134,208.68,27963
12/11/2017,146,291.36,42539
12/12/2017,147,286.67,42141
12/13/2017,148,343,50764
12/14/2017,147,282.36,41507
12/15/2017,151,207.55,31340
12/16/2017,148,238.9,35357
12/17/2017,146,150.28,21941
12/18/2017,149,173.36,25831
12/19/2017,147,161.67,23766
12/20/2017,142,140.5,19952
12/21/2017,146,141.23,20619
12/22/2017,148,157.01,23237
12/23/2017,146,170.72,24925
12/24/2017,134,162.91,21830
12/25/2017,114,181.4,20680
12/26/2017,147,219.5,32266
12/27/2017,151,266.67,40267
12/28/2017,148,260.09,38493
12/29/2017,149,263.11,39204
12/30/2017,150,264.19,39629
12/31/2017,148,316.53,46847
1/1/2018,134,149.1,19980
1/2/2018,146,144.28,21065
1/3/2018,149,125.43,18689
1/4/2018,146,113.62,16589
1/5/2018,146,115.25,16827
1/6/2018,117,110.29,12904
1/7/2018,134,149.81,20075
1/8/2018,138,177.53,24498
1/9/2018,147,186.68,27441
1/10/2018,135,151.2,20413
1/11/2018,134,133.29,17861
1/12/2018,148,169.68,25112
1/13/2018,146,122.12,17829
1/14/2018,142,166.92,23702
1/15/2018,141,199.88,28184
1/16/2018,143,180.57,25821
1/17/2018,125,141.91,17738
1/18/2018,121,115.63,13991
1/19/2018,146,128.91,18821
1/20/2018,90,117.98,10618
1/21/2018,124,155.69,19306
1/22/2018,127,175.66,22309
1/23/2018,143,176.75,25275
1/24/2018,139,153.53,21341
1/25/2018,135,134.37,18140
1/26/2018,147,128.47,18885
1/27/2018,117,127.83,14957
1/28/2018,133,144.87,19268
1/29/2018,140,173.98,24357
1/30/2018,119,158.37,18846
1/31/2018,136,138.62,18852
2/1/2018,135,130.02,17553
2/2/2018,128,132.61,16974
2/3/2018,112,130.7,14638
2/4/2018,133,164.41,21867
2/5/2018,146,203.72,29743
2/6/2018,148,217.14,32136
2/7/2018,143,179.86,25719
2/8/2018,140,154.59,21643
2/9/2018,151,153.12,23121
2/10/2018,117,156.33,18290
2/11/2018,150,189.24,28386
2/12/2018,149,189.4,28221
2/13/2018,119,171.84,20449
2/14/2018,127,138.89,17639
2/15/2018,151,145.93,22036
2/16/2018,151,181.41,27393
2/17/2018,146,129.4,18892
2/18/2018,112,143.02,16018
2/19/2018,137,169.11,23168
2/20/2018,142,179.21,25448
2/21/2018,130,152.74,19857
2/22/2018,151,128.75,19442
2/23/2018,151,142.4,21502
2/24/2018,109,119.45,13020
2/25/2018,139,169.43,23551
2/26/2018,142,173.67,24661
2/27/2018,140,164.64,23050
2/28/2018,138,149.7,20658
3/1/2018,150,137.78,20666
3/2/2018,150,155.33,23300
3/3/2018,116,137.09,15903
3/4/2018,138,215.09,29682
3/5/2018,146,251.49,36718
3/6/2018,148,269.99,39959
3/7/2018,148,209.5,31006
3/8/2018,147,169.43,24906
3/9/2018,149,173.72,25884
3/10/2018,126,142.35,17936
3/11/2018,137,219.76,30107
3/12/2018,143,258.4,36951
3/13/2018,147,273.41,40192
3/14/2018,148,203.09,30057
3/15/2018,148,204.02,30195
3/16/2018,147,199.87,29381
3/17/2018,105,151.32,15888
3/18/2018,133,233.29,31028
3/19/2018,140,266.57,37320
3/20/2018,147,297.32,43706
3/21/2018,136,224.61,30546
3/22/2018,146,205.07,29941
3/23/2018,151,217.56,32852
3/24/2018,119,163.74,19485
3/25/2018,140,259.84,36378
3/26/2018,150,275.82,41373
3/27/2018,150,269.47,40421
3/28/2018,149,222.4,33138
3/29/2018,151,240.58,36328
3/30/2018,148,236.52,35005
3/31/2018,134,159.35,21352
4/1/2018,133,190.22,25300
4/2/2018,133,264.49,35177
4/3/2018,139,259.03,36005
4/4/2018,147,269.56,39625
4/5/2018,151,195.47,29516
4/6/2018,151,186.79,28205
4/7/2018,109,159.52,17387
4/8/2018,146,261.46,38173
4/9/2018,141,287.38,40521
4/10/2018,149,309.91,46177
4/11/2018,150,238.68,35803
4/12/2018,149,208.55,31074
4/13/2018,149,249.54,37182
4/14/2018,124,159.3,19754
4/15/2018,132,251.62,33213
4/16/2018,130,300.15,39020
4/17/2018,149,329.78,49137
4/18/2018,146,273.35,39909
4/19/2018,148,254.32,37639
4/20/2018,151,274.32,41423
4/21/2018,121,183.09,22153
4/22/2018,136,286.05,38903
4/23/2018,137,314.93,43145
4/24/2018,147,350.24,51486
4/25/2018,149,294.03,43810
4/26/2018,151,251.96,38045
4/27/2018,151,266.81,40288
4/28/2018,141,192.86,27193
4/29/2018,146,295.99,43215
4/30/2018,150,324.05,48607
5/1/2018,151,349.36,52753
5/2/2018,146,298.02,43512
5/3/2018,148,267.27,39557
5/4/2018,151,266.05,40174
5/5/2018,149,227.99,33970
5/6/2018,148,292.63,43309
5/7/2018,149,395.48,58926
5/8/2018,151,373.61,56416
5/9/2018,150,297.63,44645
5/10/2018,147,222.38,32689
5/11/2018,147,230.33,33859
5/12/2018,146,184.73,26970
5/13/2018,147,346.39,50919
5/14/2018,151,586.51,88563
5/15/2018,151,533.99,80633
5/16/2018,151,354.66,53554
5/17/2018,149,291.48,43430
5/18/2018,150,268.48,40272
5/19/2018,139,194.78,27075
5/20/2018,146,301.06,43955
5/21/2018,149,346.47,51625
5/22/2018,147,322.15,47356
5/23/2018,147,193.6,28460
5/24/2018,146,205.25,29967
5/25/2018,151,234.18,35361
5/26/2018,148,170.96,25303
5/27/2018,114,167.69,19116
5/28/2018,140,252.56,35358
5/29/2018,147,273.26,40170
5/30/2018,147,228.84,33639
5/31/2018,148,214.5,31746
6/1/2018,150,243.67,36550
6/2/2018,106,194.83,20652
6/3/2018,142,297.74,42279
6/4/2018,148,393.91,58299
6/5/2018,149,394.89,58839
6/6/2018,146,280.12,40897
6/7/2018,147,239.26,35171
6/8/2018,151,260.58,39347
6/9/2018,146,193.26,28215
6/10/2018,144,294.73,42441
6/11/2018,150,368.17,55225
6/12/2018,147,363.27,53400
6/13/2018,150,256.34,38452
6/14/2018,150,220.52,33078
6/15/2018,150,202.63,30395
6/16/2018,142,205.15,29131
6/17/2018,150,291.62,43743
6/18/2018,149,361.16,53813
6/19/2018,151,389.68,58842
6/20/2018,151,292.9,44228
6/21/2018,147,250.76,36861
6/22/2018,147,247.39,36366
6/23/2018,149,210.46,31358
6/24/2018,151,266.74,40278
6/25/2018,149,290.93,43349
6/26/2018,150,293.17,43976
6/27/2018,150,228.75,34313
6/28/2018,150,223.76,33564
6/29/2018,148,218.78,32380
6/30/2018,147,156.53,23010
7/1/2018,135,148,19979
7/2/2018,141,143.4,20220
7/3/2018,150,146.22,21934
7/4/2018,144,140.47,20228
7/5/2018,144,150.85,21722
7/6/2018,142,159.15,22599
7/7/2018,116,181.56,21061
7/8/2018,144,251.54,36221
7/9/2018,149,300.72,44808
7/10/2018,150,303.27,45490
7/11/2018,151,246.86,37276
7/12/2018,149,210.61,31380
7/13/2018,151,214.33,32363
7/14/2018,150,191.29,28694
7/15/2018,150,281.08,42161
7/16/2018,149,295.86,44082
7/17/2018,151,299.92,45288
7/18/2018,150,235.47,35320
7/19/2018,148,228.69,33846
7/20/2018,149,229.5,34196
7/21/2018,148,191.49,28340
7/22/2018,151,266.85,40294
7/23/2018,150,299.88,44982
7/24/2018,151,288.8,43609
7/25/2018,149,245.05,36512
7/26/2018,147,230.17,33835
7/27/2018,149,210.85,31416
7/28/2018,122,203.07,24775
7/29/2018,149,240.3,35805
7/30/2018,150,275.91,41387
7/31/2018,151,254.42,38417
8/1/2018,146,218.04,31834
8/2/2018,150,210.86,31629
8/3/2018,150,205.1,30765
8/4/2018,138,179.35,24751
8/5/2018,149,259.73,38700
8/6/2018,151,298.16,45023
8/7/2018,151,271.83,41046
8/8/2018,148,230.5,34113
8/9/2018,149,203.04,30252
8/10/2018,151,210.54,31791
8/11/2018,129,178.14,22980
8/12/2018,151,247.84,37423
8/13/2018,151,269.49,40693
8/14/2018,149,256.66,38243
8/15/2018,133,194.8,25908
8/16/2018,150,188.96,28345
8/17/2018,149,188.42,28075
8/18/2018,130,181.1,23543
8/19/2018,150,236.25,35438
8/20/2018,151,258.45,39027
8/21/2018,151,261.67,39512
8/22/2018,150,202.23,30334
8/23/2018,150,189.27,28391
8/24/2018,148,224.32,33199
8/25/2018,150,181.69,27253
8/26/2018,148,216.4,32027
8/27/2018,147,250.53,36828
8/28/2018,149,236.89,35297
8/29/2018,150,198.92,29837
8/30/2018,149,214.74,31996
8/31/2018,149,247.86,36931
9/1/2018,149,196.2,29234
9/2/2018,102,178.74,18231
9/3/2018,147,249.01,36604
9/4/2018,151,343.74,51905
9/5/2018,149,308.8,46011
9/6/2018,150,264.72,39708
9/7/2018,149,275.91,41111
9/8/2018,138,256.72,35427
9/9/2018,147,322.9,47467
9/10/2018,146,373.77,54570
9/11/2018,149,428.36,63826
9/12/2018,150,350.33,52550
9/13/2018,149,266.65,39731
9/14/2018,151,260.46,39330
9/15/2018,144,229.39,33033
9/16/2018,149,314.9,46919
9/17/2018,150,306.02,45904
9/18/2018,149,339.19,50540
9/19/2018,151,319.63,48264
9/20/2018,149,264.97,39480
9/21/2018,150,278.38,41757
9/22/2018,144,258.24,37187
9/23/2018,149,413.62,61629
9/24/2018,148,488.01,72226
9/25/2018,151,470.08,70982
9/26/2018,151,332.73,50243
9/27/2018,149,256.57,38229
9/28/2018,151,268.65,40567
9/29/2018,137,240.55,32956
9/30/2018,151,335.53,50665
10/1/2018,151,387.13,58456
10/2/2018,151,394.5,59570
10/3/2018,146,344.94,50361
10/4/2018,147,329.91,48496
10/5/2018,151,357.51,53984
10/6/2018,151,269.34,40670
10/7/2018,150,315.76,47364
10/8/2018,147,388.58,57121
10/9/2018,151,393.07,59354
10/10/2018,150,337.79,50669
10/11/2018,150,277.26,41589
10/12/2018,149,290.34,43261
10/13/2018,146,221.31,32311
10/14/2018,150,345.5,51826
10/15/2018,150,404.71,60707
10/16/2018,148,422.96,62598
10/17/2018,146,371.68,54265
10/18/2018,150,254.31,38147
10/19/2018,149,291.82,43481
10/20/2018,149,222.56,33161
10/21/2018,146,361.67,52804
10/22/2018,151,404.26,61043
10/23/2018,151,422.65,63820
10/24/2018,146,347.91,50794
10/25/2018,148,283.66,41982
10/26/2018,151,301.92,45589
10/27/2018,147,218.6,32134
10/28/2018,151,251.72,38009
10/29/2018,147,296.72,43618
10/30/2018,151,288.3,43533
10/31/2018,146,296.26,43253
11/1/2018,150,288.89,43334
11/2/2018,151,310.82,46934
11/3/2018,150,202.35,30353
11/4/2018,147,314.08,46170
11/5/2018,150,354.1,53115
11/6/2018,151,374.36,56528
11/7/2018,151,334.61,50527
11/8/2018,151,259.97,39255
11/9/2018,149,311.91,46474
11/10/2018,145,204.28,29620
11/11/2018,150,334.34,50151
11/12/2018,149,387.33,57713
11/13/2018,151,378.62,57171
11/14/2018,151,320.93,48461
11/15/2018,148,212.56,31459
11/16/2018,150,223.08,33463
11/17/2018,147,148.79,21872
11/18/2018,148,146.23,21643
11/19/2018,143,133.13,19038
11/20/2018,149,177.86,26501
11/21/2018,146,196.17,28640
11/22/2018,148,199.28,29493
11/23/2018,147,193.89,28501
11/24/2018,128,158.09,20235
11/25/2018,139,242.71,33736
11/26/2018,146,318.84,46551
11/27/2018,149,331.5,49394
11/28/2018,149,290.21,43241
11/29/2018,147,259.88,38202
11/30/2018,151,283.99,42882
12/1/2018,142,213.34,30295
12/2/2018,147,361.98,53210
12/3/2018,146,557.51,81397
12/4/2018,149,536.84,79989
12/5/2018,147,452.91,66577
12/6/2018,150,372.07,55811
12/7/2018,148,353.71,52349
12/8/2018,135,221.38,29886
12/9/2018,148,323.53,47882
12/10/2018,147,359.16,52797
12/11/2018,151,368.15,55590
12/12/2018,151,342.27,51683
12/13/2018,149,258.91,38578
12/14/2018,151,252.17,38077
12/15/2018,138,164.46,22696
12/16/2018,151,186.53,28166
12/17/2018,148,200.89,29731
12/18/2018,146,188.92,27583
12/19/2018,139,147.93,20562
12/20/2018,146,161.91,23638
12/21/2018,148,189.47,28042
12/22/2018,138,147.27,20324
12/23/2018,111,142.97,15870
12/24/2018,98,160.86,15765
12/25/2018,128,216.31,27688
12/26/2018,149,258.14,38462
12/27/2018,151,301.77,45567
12/28/2018,146,286.79,41871
12/29/2018,143,251.64,35984
12/30/2018,151,271.15,40944
12/31/2018,142,147.41,20932
1/1/2019,142,147.41,20932
1/2/2019,134,130.31,17461
1/3/2019,143,112.92,16147
1/4/2019,150,105.58,15837
1/5/2019,142,108.55,15414
1/6/2019,128,116.35,14893
1/7/2019,135,143.65,19393
1/8/2019,127,159.14,20211
1/9/2019,133,163.52,21748
1/10/2019,120,134.9,16188
1/11/2019,135,126.37,17059
1/12/2019,144,132.35,19059
1/13/2019,138,122.69,16931
1/14/2019,148,189.87,28101
1/15/2019,151,218.39,32977
1/16/2019,146,196.07,28626
1/17/2019,137,158.3,21687
1/18/2019,139,132.15,18369
1/19/2019,150,146.37,21956
1/20/2019,98,115.84,11352
1/21/2019,99,167.4,16573
1/22/2019,138,188.77,26051
1/23/2019,143,189.71,27129
1/24/2019,147,163.53,24039
1/25/2019,141,131.28,18510
1/26/2019,149,123.15,18350
1/27/2019,98,128.49,12592
1/28/2019,127,153,19431
1/29/2019,149,190.32,28358
1/30/2019,144,187.05,26935
1/31/2019,129,147.1,18976
2/1/2019,129,119.69,15440
2/2/2019,147,131.74,19366
2/3/2019,115,125.9,14478
2/4/2019,139,176.99,24601
2/5/2019,141,198.63,28006
2/6/2019,151,209.39,31617
2/7/2019,144,176.34,25393
2/8/2019,140,150.63,21088
2/9/2019,150,178.33,26749
2/10/2019,137,156.11,21388
2/11/2019,151,178.36,26932
2/12/2019,147,194.42,28580
2/13/2019,150,181.15,27173
2/14/2019,126,159.79,20133
2/15/2019,146,169.5,24747
2/16/2019,150,184.56,27684
2/17/2019,147,126.38,18577
2/18/2019,110,143.69,15805
2/19/2019,137,171.03,23431
2/20/2019,143,193.99,27741
2/21/2019,139,163.12,22674
2/22/2019,147,145.9,21448
2/23/2019,140,134.91,18887
2/24/2019,118,130.6,15411
2/25/2019,147,172.92,25419
2/26/2019,150,200.55,30083
2/27/2019,142,191.69,27220
2/28/2019,123,157.39,19358
3/1/2019,130,130.44,16957
3/2/2019,149,146.72,21861
3/3/2019,115,121.56,13979
3/4/2019,119,197.02,23445
3/5/2019,151,240.6,36331
3/6/2019,151,261.2,39441
3/7/2019,143,209.13,29905
3/8/2019,138,168.89,23307
3/9/2019,151,176.32,26625
3/10/2019,117,193.08,22590
3/11/2019,147,236.29,34735
3/12/2019,146,263.38,38454
3/13/2019,146,263.21,38428
3/14/2019,126,223.07,28107
3/15/2019,150,191.52,28729
3/16/2019,150,205,30750
3/17/2019,117,187.19,21901
3/18/2019,137,253,34661
3/19/2019,141,242.3,34164
3/20/2019,125,257.74,32217
3/21/2019,143,237.91,34021
3/22/2019,141,177.99,25097
3/23/2019,150,197.66,29649
3/24/2019,109,172.88,18844
3/25/2019,134,233.32,31265
3/26/2019,142,260.16,36943
3/27/2019,148,258.42,38246
3/28/2019,139,229.12,31848
3/29/2019,147,196.05,28819
3/30/2019,149,191.38,28515
3/31/2019,108,147.98,15982
4/1/2019,141,248.98,35106
4/2/2019,148,278.51,41220
4/3/2019,148,285.75,42290
4/4/2019,146,266.87,38964
4/5/2019,148,214.18,31698
4/6/2019,148,233.42,34546
4/7/2019,110,208.74,22961
4/8/2019,146,278.07,40599
4/9/2019,151,294.71,44501
4/10/2019,148,318.8,47182
4/11/2019,146,259.47,37882
4/12/2019,146,243.97,35619
4/13/2019,147,271.03,39841
4/14/2019,142,223.73,31769
4/15/2019,149,290.39,43268
4/16/2019,147,335.39,49302
4/17/2019,149,340.32,50708
4/18/2019,146,271.46,39634
4/19/2019,150,261.74,39261
4/20/2019,148,244.38,36168
4/21/2019,108,199.81,21579
4/22/2019,126,249.26,31406
4/23/2019,146,309.95,45252
4/24/2019,136,308.06,41896
4/25/2019,149,310.93,46328
4/26/2019,146,255.16,37254
4/27/2019,149,227.74,33933
4/28/2019,130,252.24,32791
4/29/2019,146,288.96,42188
4/30/2019,150,336.5,50475
5/1/2019,149,366.75,54645
5/2/2019,148,333.46,49352
5/3/2019,147,262.53,38592
5/4/2019,148,307.6,45525
5/5/2019,146,267.67,39080
5/6/2019,136,290.71,39536
5/7/2019,146,352.67,51490
5/8/2019,146,373.98,54601
5/9/2019,148,301.34,44598
5/10/2019,147,193.13,28391
5/11/2019,136,213.78,29074
5/12/2019,103,224.56,23130
5/13/2019,147,305.63,44927
5/14/2019,151,381.88,57663
5/15/2019,149,368.21,54864
5/16/2019,147,332.67,48903
5/17/2019,150,273.09,40964
5/18/2019,149,310.41,46252
5/19/2019,146,246.09,35929
5/20/2019,140,335.17,46923
5/21/2019,149,452.56,67431
5/22/2019,140,369.75,51765
5/23/2019,138,209.89,28965
5/24/2019,146,208.94,30505
5/25/2019,150,233.81,35071
5/26/2019,146,189.85,27718
5/27/2019,96,179.78,17259
5/28/2019,138,248.69,34320
5/29/2019,147,283.74,41709
5/30/2019,149,258.09,38455
5/31/2019,151,233.55,35266
6/1/2019,150,241.52,36227
6/2/2019,113,211.97,23952
6/3/2019,142,260.97,37058
6/4/2019,143,355.17,50789
6/5/2019,148,356.08,52700
6/6/2019,146,261.82,38226
6/7/2019,148,221.39,32766
6/8/2019,151,232.38,35089
6/9/2019,130,221.46,28790
6/10/2019,141,273.59,38576
6/11/2019,150,330.24,49535
6/12/2019,141,325.65,45917
6/13/2019,146,252.34,36842
6/14/2019,144,198.24,28547
6/15/2019,146,190.31,27785
6/16/2019,113,195.83,22129
6/17/2019,144,283.96,40890
6/18/2019,148,363.96,53866
6/19/2019,149,355.51,52972
6/20/2019,150,295.49,44324
6/21/2019,151,246.2,37177
6/22/2019,150,230.97,34646
6/23/2019,127,211.55,26867
6/24/2019,151,290.33,43840
6/25/2019,147,317.06,46608
6/26/2019,146,309.5,45186
6/27/2019,145,265.15,38447
6/28/2019,149,214.4,31945
6/29/2019,151,240.62,36333
6/30/2019,151,157.4,23767
7/1/2019,138,142.51,19666
7/2/2019,126,131.43,16560
7/3/2019,127,133.56,16962
7/4/2019,146,154.57,22567
7/5/2019,151,161.52,24390
7/6/2019,149,153.26,22835
7/7/2019,108,153.38,16565
7/8/2019,128,241.18,30871
7/9/2019,148,298.7,44207
7/10/2019,151,307.2,46387
7/11/2019,151,228.28,34471
7/12/2019,150,211.46,31720
7/13/2019,151,207.52,31336
7/14/2019,111,192.78,21398
7/15/2019,140,279.22,39091
7/16/2019,151,340.66,51440
7/17/2019,151,319.65,48267
7/18/2019,149,234.6,34955
7/19/2019,146,204.74,29893
7/20/2019,147,218.45,32113
7/21/2019,131,181.07,23721
7/22/2019,146,254.53,37161
7/23/2019,151,318.9,48154
7/24/2019,149,297.66,44351
7/25/2019,146,224.15,32725
7/26/2019,149,195.69,29159
7/27/2019,151,200.23,30235
7/28/2019,123,182.9,22497
7/29/2019,138,249.69,34457
7/30/2019,146,284.82,41583
7/31/2019,151,288.23,43522
8/1/2019,148,225.41,33361
8/2/2019,149,211.58,31525
8/3/2019,150,216.97,32545
8/4/2019,137,193.94,26569
8/5/2019,148,264.59,39159
8/6/2019,151,300.59,45389
8/7/2019,150,289.37,43405
8/8/2019,151,249.13,37618
8/9/2019,148,207.65,30732
8/10/2019,150,210.5,31575
8/11/2019,126,177.12,22318
8/12/2019,143,231.89,33161
8/13/2019,148,265.38,39276
8/14/2019,150,254.27,38140
8/15/2019,137,205.44,28145
8/16/2019,148,185.07,27390
8/17/2019,149,180.89,26952
8/18/2019,122,165.14,20147
8/19/2019,133,218.26,29028
8/20/2019,151,264.87,39996
8/21/2019,151,254.95,38497
8/22/2019,141,197.66,27870
8/23/2019,150,206.15,30922
8/24/2019,148,225.94,33440
8/25/2019,140,184.51,25832
8/26/2019,148,223.64,33098
8/27/2019,146,251.68,36745
8/28/2019,141,231.21,32601
8/29/2019,140,200.64,28090
8/30/2019,151,202.98,30649
8/31/2019,151,218.83,33043
9/1/2019,150,192.37,28856
9/2/2019,100,200.01,20001
9/3/2019,134,248.06,33240
9/4/2019,150,318.81,47821
9/5/2019,149,294.18,43832
9/6/2019,151,273.76,41337
9/7/2019,147,267.54,39329
9/8/2019,128,266.86,34158
9/9/2019,146,339.76,49605
9/10/2019,146,372.55,54392
9/11/2019,147,369.07,54253
9/12/2019,146,287.39,41959
9/13/2019,147,244.05,35876
9/14/2019,151,245.61,37087
9/15/2019,135,233.54,31528
9/16/2019,151,341.32,51539
9/17/2019,151,362.51,54739
9/18/2019,151,381.97,57677
9/19/2019,151,317.45,47935
9/20/2019,150,278.26,41739
9/21/2019,151,287.09,43351
9/22/2019,144,258.48,37221
9/23/2019,149,414.02,61689
9/24/2019,150,488.5,73275
9/25/2019,151,470.53,71050
9/26/2019,151,326.49,49300
9/27/2019,150,273.8,41070
9/28/2019,151,261,39411
9/29/2019,126,189.87,23923
9/30/2019,136,260.32,35404
10/1/2019,148,357.31,52882
10/2/2019,148,364.11,53889
10/3/2019,145,324.77,47092
10/4/2019,147,304.49,44761
10/5/2019,150,339.96,50995
10/6/2019,147,207.84,30552
10/7/2019,150,285.69,42853
10/8/2019,147,315.13,46325
10/9/2019,150,328.43,49264
10/10/2019,150,296.64,44496
10/11/2019,150,271.64,40746
10/12/2019,150,290.18,43527
10/13/2019,147,228.16,33539
10/14/2019,148,305.21,45172
10/15/2019,150,412.62,61892
10/16/2019,150,429.67,64451
10/17/2019,146,381.21,55656
10/18/2019,150,261.6,39241
10/19/2019,149,300.19,44728
10/20/2019,147,228.04,33522
10/21/2019,146,368.37,53782
10/22/2019,151,416.27,62857
10/23/2019,151,430.9,65066
10/24/2019,146,337.15,49224
10/25/2019,148,272.15,40279
10/26/2019,151,292.58,44180
10/27/2019,147,218.48,32116
10/28/2019,151,254.09,38368
10/29/2019,147,287.84,42312
10/30/2019,151,266.09,40180
10/31/2019,144,262.77,37839
11/1/2019,149,281.78,41985
11/2/2019,149,321.81,47950
11/3/2019,145,207.23,30048
11/4/2019,148,315.62,46712
11/5/2019,150,359.4,53910
11/6/2019,150,379.97,56996
11/7/2019,149,335.23,49950
11/8/2019,149,258.66,38541
11/9/2019,149,313.43,46701
11/10/2019,145,205.29,29767
11/11/2019,149,337.01,50215
11/12/2019,149,393.14,58577
11/13/2019,150,380.49,57073
11/14/2019,149,322.51,48055
11/15/2019,148,222.28,32897
11/16/2019,149,233.28,34758
11/17/2019,140,174.63,24448
11/18/2019,143,273.76,39147
11/19/2019,145,322.02,46693
11/20/2019,147,320.76,47152
11/21/2019,147,273.38,40187
11/22/2019,145,207.08,30026
11/23/2019,146,208.27,30408
11/24/2019,141,150.27,21188
11/25/2019,148,155.23,22974
11/26/2019,143,145.59,20820
11/27/2019,149,192.58,28695
11/28/2019,149,206.17,30719
11/29/2019,148,209.44,30997
11/30/2019,147,203.78,29955
12/1/2019,148,216.94,32107
12/2/2019,147,368.09,54109
12/3/2019,146,566.93,82772
12/4/2019,149,545.9,81339
12/5/2019,147,460.55,67701
12/6/2019,150,378.34,56751
12/7/2019,148,363.27,53764
12/8/2019,135,222.89,30090
12/9/2019,148,332.28,49177
12/10/2019,147,376.66,55369
12/11/2019,151,389.96,58884
12/12/2019,151,355.39,53664
12/13/2019,149,265.91,39621
12/14/2019,151,256.42,38719
12/15/2019,146,165.58,24175
12/16/2019,148,187.18,27703
12/17/2019,149,202.58,30184
12/18/2019,148,189.7,28076
12/19/2019,143,149.16,21330
12/20/2019,148,163.22,24157
12/21/2019,148,190.79,28238
12/22/2019,129,152.82,19714
12/23/2019,110,151.71,16689
12/24/2019,124,165.81,20561
12/25/2019,127,222.57,28267
12/26/2019,140,256.25,35876
12/27/2019,149,298.13,44421
12/28/2019,149,284.74,42427
12/29/2019,142,249.32,35404
12/30/2019,146,265.24,38725
12/31/2019,148,269.55,39893
